%%% ====================================================================
%%%  BibTeX-file{
%%%     author          = "Canedo, Dacuba, Fiestada, Latoga, and Lobaton",
%%%     version         = "1.0",
%%%     date            = "September 2016",
%%%     filename        = "report_sources.bib",
%%%     address         = "UP Diliman, Quezon City, PH",
%%%     email           = "vffiestada at up.edu.ph",
%%%     codetable       = "ISO/ASCII",
%%%     keywords        = "ethics, patents, copyrights",
%%%     supported       = "yes",
%%%     docstring       = "This file contains sources used in the CS 196 survey
%%%                        and report about popular opinions on
%%%                        technological copyrights and patents"
%%%  }
%%% ====================================================================

@online{IPOSPatent,
    author = {Choo, Dan},
    title = {What is a patent?},
    month = oct,
    year = {2015},
    url = {http://www.ipos.gov.sg/AboutIP/TypesofIPWhatisIntellectualProperty/Whatisapatent.aspx}
}

@InCollection{MooreHimmaIP,
	author       =	{Moore, Adam and Himma, Ken},
	title        =	{Intellectual Property},
	booktitle    =	{The Stanford Encyclopedia of Philosophy},
	editor       =	{Edward N. Zalta},
	howpublished =	{\url{http://plato.stanford.edu/archives/win2014/entries/intellectual-property/}},
	year         =	{2014},
	edition      =	{Winter 2014},
}

@online{USPTOPatents,
    author = {USPTO},
    title = {Types of patents},
    month = mar,
    year = {2016},
    url = {https://www.uspto.gov/web/offices/ac/ido/oeip/taf/patdesc.htm}
}

@online{PlagiarismTodayCopyright,
    author = {Plagiarism Today},
    title = {What is a copyright?},
    url = {https://www.plagiarismtoday.com/stopping-internet-plagiarism/your-copyrights-online/1-what-is-a-copyright/},
    note = {Accessed August 2016},
    year = "n.d."
}

@misc{AppleiPhoneDesignPatent,
    title={Electronic device},
    author={Andre, B.K. and Coster, D.J. and De Iuliis, D. and Howarth, R.P. and Ive, J.P. and Jobs, S. and Kerr, D.R. and Nishibori, S. and Rohrbach, M.D. and Satzger, D.B. and others},
    url={http://www.google.com/patents/USD593087},
    year={2009},
    month=may # "~26",
    publisher={Google Patents},
    note={US Patent D593,087}
}

@online{Sintes2001,
    title = {Just what is the Java API anyway?},
    author = {Tony Sintes},
    url = {http://www.javaworld.com/article/2077392/java-se/just-what-is-the-java-api-anyway.html},
    note = {Accessed September 2016},
    month = jul # "13",
    year = {2001}
}

@online{Schwartz2007,
    title = {Congratulations Google, Red Hat and the Java community!},
    author = {Jonathan Schwartz},
    url = {http://blogs.sun.com/jonathan/entry/congratulations_google},
    year = {2007},
    month = nov,
    note = {Retrieved September 2016 from the Internet Archive}
}

@InCollection{EFFAmicusBrief,
	author       =	{Julie Samuels; Michael Barclay; Jason Schultz},
	title        =	{Brief of amici curiae; computer scientists in support of defendant-cross appellant and affirmance},
	howpublished =	{\url{https://www.eff.org/files/filenode/2013.1021.1022.computer.scientists.amici_.brief_.pdf}},
	year         =	{2013},
    month        = may # "30"
}

@InCollection{ProOracleAmicusBrief,

BRIEF OF AMICI CURIAE PICTURE ARCHIVE COUNCIL OF AMERICA,
INC. AND GRAPHIC ARTISTS GUILD IN SUPPORT OF
PLAINTIFF-APPELLANT SEEKING REVERSAL
	author       =	{William Rudy; Carole Handler; John Schaeffer; Briana Dahlberg},
	title        =	{Brief of amici curiae; Picture Archive Council of America, Inc. and Graphic Artists Guild in support of plaintiff-appellant seeking reversal},
	howpublished =	{\url{http://www.groklaw.net/pdf4/13-1021-54.pdf}},
	year         =	{2013},
    month        = feb # "19"
}

@online{Bangeman2003,
    title = {Oracle sues Google over use of Java in Android},
    author = {Eric Bangeman},
    url = "http://arstechnica.com/tech-policy/2010/08/oracle-sues-google-over-use-of-java-in-android-sdk/",
    year = {2010}
}

@online{Mullin2016,
    title = {Oracle will seek a staggering 9.3 billion in 2nd trial against Google},
    author = {Joe Mullin},
    url = "http://arstechnica.com/tech-policy/2016/03/oracle-will-seek-a-staggering-9-3-billion-in-2nd-trial-against-google/",
    year = {2016}
}

% -------------------------------------------------